@misc{LDA,
AUTHOR="Blei and D. M. and Ng, A. Y. and Jordan, M. I.",
TITLE="Latent dirichlet allocation",
PUBLISHER="the Journal of machine Learning research",
YEAR=2003,
}
